[gd_scene load_steps=10 format=2]

[ext_resource path="res://Scenes/PlungerAssembly.gd" type="Script" id=1]
[ext_resource path="res://Scenes/Plunger.tscn" type="PackedScene" id=2]
[ext_resource path="res://Scripts/BallFeed.gd" type="Script" id=3]
[ext_resource path="res://boing1.wav" type="AudioStream" id=5]
[ext_resource path="res://Scenes/BallEater.tscn" type="PackedScene" id=6]

[sub_resource type="BoxShape" id=3]
extents = Vector3( 1.2, 0.1, 0.1 )

[sub_resource type="PhysicsMaterial" id=4]
friction = 0.0

[sub_resource type="CubeMesh" id=5]
size = Vector3( 4, 0.2, 0.2 )

[sub_resource type="BoxShape" id=6]
extents = Vector3( 2, 0.1, 0.1 )

[node name="PlungerAssembly" type="Spatial"]
transform = Transform( 0.965925, 0.258819, 0, -0.258819, 0.965925, 0, 0, 0, 1, 1.80585, -5.75366, 0 )
script = ExtResource( 1 )

[node name="BallFeed" type="Area" parent="."]
transform = Transform( 0.999999, 3.12924e-07, 0, -3.12924e-07, 0.999999, 0, 0, 0, 1, 0.570551, -4.76837e-07, 0 )
script = ExtResource( 3 )

[node name="CollisionShape" type="CollisionShape" parent="BallFeed"]
transform = Transform( 1, -2.98023e-08, 0, 2.98023e-08, 1, 0, 0, 0, 1, -1.1, -1.43051e-06, 0 )
shape = SubResource( 3 )

[node name="AudioStreamPlayer3D" type="AudioStreamPlayer3D" parent="BallFeed"]
stream = ExtResource( 5 )
unit_db = 10.0
pitch_scale = 2.8

[node name="Rail" type="StaticBody" parent="."]
transform = Transform( 1, -1.19209e-07, 0, 1.19209e-07, 1, 0, 0, 0, 1, 0.0780008, -0.2, 0 )
physics_material_override = SubResource( 4 )

[node name="MeshInstance" type="MeshInstance" parent="Rail"]
transform = Transform( 1, 0, 0, -4.47035e-07, 1, 0, 0, 0, 1, 0.1, -0.00372887, 0 )
mesh = SubResource( 5 )
material/0 = null

[node name="CollisionShape" type="CollisionShape" parent="Rail"]
transform = Transform( 1, 0, 0, -1.78814e-07, 1, 0, 0, 0, 1, 0.0999997, 9.53674e-07, 0 )
shape = SubResource( 6 )

[node name="Plunger" parent="." instance=ExtResource( 2 )]
transform = Transform( 1.86265e-08, -0.1, -7.10543e-16, 0.1, 1.86265e-08, -7.10543e-16, 7.10543e-16, -7.10543e-16, 0.1, -0.7, 4.76837e-07, -4.97381e-15 )

[node name="BallEater" parent="." instance=ExtResource( 6 )]
transform = Transform( 1, 8.9407e-08, 0, -8.9407e-08, 1, 0, 0, 0, 1, 1.6, -0.0999961, 0 )

[connection signal="body_exited" from="BallFeed" to="BallFeed" method="_on_body_exited"]
